<record xmlns="http://www.loc.gov/MARC21/slim">
    <leader>00620nas a22     7i 4500</leader>
<controlfield tag="008">110701k                                d</controlfield>               
   <datafield tag="022" ind1=" " ind2=" ">
    <subfield code="a"></subfield>
  </datafield>
     <datafield tag="040" ind1=" " ind2=" ">
    <subfield code="a">NL-AmISG</subfield>
     </datafield>
     <datafield tag="110" ind1="2" ind2=" ">
    <subfield code="a"></subfield>
      </datafield>
    <datafield tag="245" ind1="1" ind2="0">
    <subfield code="a"></subfield>
    <subfield code="c"></subfield>
    <subfield code="k">Annual report.</subfield>
      </datafield>
  <datafield tag="260" ind1=" " ind2=" ">
    <subfield code="a"></subfield>
      </datafield>   
<datafield tag="740" ind1="0" ind2=" ">
    <subfield code="a"></subfield>
      </datafield>
</record>